@article{ADaM,
    title = {ADaM Asset Management},
    author = {Advanced Business Software, Inc},
    url = {http://www.absonline.com/ADaM/FA_details.cfm},
    year = {2019},
    note = {Accessed 24/10-2019}
}

@BOOK{OOAD,
    title = {Object Oriented Analysis \& Design},
    author = {Lars Mathiassen and Andreas Munk-Madsen and Peter Axel Nielsen and Jan Stage},
    edition = {2. ed.},
    publisher = {Metodica ApS},
    ISBN = {978-87-970693-0-1},
    year = {2018}
}
@MISC{RepositoryPattern,
  author = {Microsoft},
  title = {Design the infrastructure persistence layer},
  year = {2018},
  url = {https://docs.microsoft.com/en-us/dotnet/architecture/microservices/microservice-ddd-cqrs-patterns/infrastructure-persistence-layer-design},
  note = {Accessed 15/10-2019}
 }

@MISC{SnipeIT,
    author = {SnipeIt},
    year = {2019},
    url = {https://snipeitapp.com/}
}

@BOOK{DEB,
    author = {David Benyon},
    year = {2014},
    edition = {3. ed.},
    publisher = {Pearson Education Limited},
    title = {Designing Interactive Systems}
}

@MISC{MySQLJSON,
    author = {MySQL ServerTeam},
    year = {2019},
    note = {Accessed  20/10-2019},
    url = {https://mysqlserverteam.com/indexing-json-documents-via-virtual-columns/}
    
}

@MISC{RelationalDB,
    author = {Codecademy},
    url = {https://www.codecademy.com/articles/what-is-rdbms-sql},
    year = {2019},
    note = {Accessed  2/12-2019}
}

@article{GestaltLaws,
    title = {Gestalt Principles},
    author = {The Interaction Design Foundation},
    url = {https://www.interaction-design.org/literature/topics/gestalt-principles#:~:targetText=Gestalt\%20principles\%20or\%20laws\%20are,the\%20separate\%20simpler\%20elements\%20involved.},
    year = {2019},
    note = {Accessed  28/11-2019}
}

@article{Breadcrumbs,
    title = {Breadcrumbs In Web Design: Examples And Best Practices},
    author = {Jacob Gube},
    url = {https://www.smashingmagazine.com/2009/03/breadcrumbs-in-web-design-examples-and-best-practices/},
    year = {2009},
    note = {Accessed  28/11-2019}
}

@book{AgilePPP,
    author = "Martin, Robert C.",
    booktitle = "Agile principles, patterns, and practices in C\# /",
    isbn = "0131857258",
    publisher = "Prentice Hall",
    title = "Agile principles, patterns, and practices in C\# / ",
    year = "2007",
}

@book{seemann2019dependency,
  title={Dependency Injection: Principles, Practices, Patterns},
  author={Seemann, M. and van Deursen, S.},
  isbn={9781617294730},
  year={2019},
  publisher={Manning Publications}
}

@MISC{XamlOverview,
  author = {Microsoft},
  title = {XAML overview in WPF},
  year = {2019},
  url = {https://docs.microsoft.com/en-us/dotnet/desktop-wpf/fundamentals/xaml},
  note = {Accessed  02/12-2019}
 }
 
@article{WPFandMVVM,
    title = {Patterns - WPF Apps With The Model-View-ViewModel Design Pattern},
    author = {Josh Smith},
    url = {https://docs.microsoft.com/en-us/archive/msdn-magazine/2009/february/patterns-wpf-apps-with-the-model-view-viewmodel-design-pattern},
    year = {2009},
    note = {Accessed  02/12-2019}
}

@MISC{Bindings,
  author = {Microsoft},
  title = {Binding Markup Extension},
  year = {2019},
  url = {https://docs.microsoft.com/en-us/dotnet/framework/wpf/advanced/binding-markup-extension},
  note = {Accessed  02/12-2019}
 }
 
 @MISC{Commands,
  author = {Microsoft},
  title = {Commanding Overview},
  year = {2017},
  url = {https://docs.microsoft.com/en-us/dotnet/framework/wpf/advanced/commanding-overview},
  note = {Accessed  02/12-2019}
 }
 @MISC{MvvmBasics,
  author = {Shamlia},
  title = {Understanding the basics of MVVM design pattern},
  year = {2013},
  url = {https://blogs.msdn.microsoft.com/msgulfcommunity/2013/03/13/understanding-the-basics-of-mvvm-design-pattern/},
  note = {Accessed  03/12-2019}
 }
 
 
@MISC{GithubDesktop,
    author = {Github},
    title = {Github Desktop},
    year = {2019},
    url = {https://desktop.github.com/},
    note = {Accessed 03/12-2019}
}

@MISC{MinimalistUX,
    author = {Nick Babich},
    year = {2017},
    title = {Functional Minimalism for Web Design},
    url = {https://uxplanet.org/functional-minimalism-for-web-design-4290722cddbd},
    note = {Accessed 03/12-2019}
}

@MISC{MoqReference,
    author = {The MOQ team},
    year = {2019},
    url = {https://github.com/Moq/moq4/wiki/Quickstart},
    title = {Quickstart},
    note = {Accessed 03/12-2019}
}

@article{RelationalTable,
    title = {Object-Oriented Analysis and Design for Information Systems},
    author = {Raul Sidnei Wazlawick},
    url = {https://www.sciencedirect.com/topics/computer-science/relational-table},
    year = {2014},
    note = {Accessed  04/12-2019}
}

@article{EnterpriseSystems,
    title = {10 Ways Enterprise Systems Affect your Business},
    author = {Nick D’Andrea},
    url = {https://elearning.scranton.edu/resource/business-leadership/10-ways-enterprise-systems-affect-your-business#:~:targetText=Enterprise\%20systems\%20are\%20large\%2Dscale,reporting\%20and\%20decision\%20making\%20easier.},
    year = {2016},
    note = {Accessed  09/12-2019}
}

@MISC{Overleaf,
    title = {Overleaf},
    author = {Overleaf},
    url = {https://www.overleaf.com/},
    year = {2019},
    note = {Accessed 06/12-2019}
}

@article{RepositoryPatternDescription,
    title = {Design the infrastructure persistence layer},
    author = {Microsoft},
    url = {https://docs.microsoft.com/en-us/dotnet/architecture/microservices/microservice-ddd-cqrs-patterns/infrastructure-persistence-layer-design#:~:targetText=The\%20Repository\%20pattern,from\%20the\%20domain\%20model\%20layer.},
    year = {2019},
    note = {Accessed  10/12-2019}
}

@article{ColorTheory,
    title = {Color in Design: Influence on Users' Actions},
    author = {Alina Arhipova},
    url = {https://tubikstudio.com/color-in-design-influence-on-users-actions/},
    year = {2019},
    note = {Accessed  10/12-2019}
}

 @MISC{Action,
  author = {Microsoft},
  title = {Action<T> Delegate},
  year = {2019},
  url = {https://docs.microsoft.com/en-us/dotnet/api/system.action-1?view=netframework-4.8},
  note = {Accessed  10/12-2019}
 }
 
 @online{microsoft-choose-your-platform,
    author = {Microsoft},
    title = {Choose your app platform},
    url  = {https://docs.microsoft.com/en-us/windows/apps/desktop/choose-your-platform},
    addendum = {Accessed  11/12-2019},
    keywords = {microsoft,knuth}
}
    
@article{IDA,
    title = {Instant Data Analysis: Evaluating Usability in a Day},
    author = {Jesper Kjeldskov and Skov, {Mikael B.} and Jan Stage},
    year = {2004},
    doi = {10.1145/1028014.1028050},
    language = {English},
    pages = {233--240},
    booktitle = {Proceedings of NordiCHI 2004},
    publisher = {Association for Computing Machinery}
}

@book{TDD,
  title={Starting to Unit Test: Not as Hard as You Think},
  author={Dietrich, E.},
  isbn={978-1619849952},
  year={2014},
  publisher={Price World Publishing}
}

@article{MarketGrowth,
    title = {Global Digital Asset Management Market to Grow from \$1.24Bn in 2018 to Reach \$6.9Bn by 2024, at a CAGR of 34.1\% Over 2019-2024},
    author = {Research and Markets},
    url = {https://www.globenewswire.com/news-release/2019/07/25/1887779/0/en/Global-Digital-Asset-Management-Market-to-Grow-from-1-24Bn-in-2018-to-Reach-6-9Bn-by-2024-at-a-CAGR-of-34-1-Over-2019-2024.html},
    year = {2019},
    note = {Accessed  16/12-2019}
}

@article{AalborgZoo,
    title = {Aalborg Zoo Årsberetning 2019},
    author = {Aalborg Zoo},
    url = {https://aalborgzoo.dk/UserFiles/Aalborg_Zoo_Arsberetning_2018.pdf},
    year = {2018},
    note = {Accessed  16/12-2019}
}

@article{PersonaleAZ,
    title = {Personale},
    author = {Aalborg Zoo},
    url = {https://aalborgzoo.dk/personale.aspx},
    year = {2019},
    note = {Accessed  16/12-2019}
}

@article{CustomSoftware,
    title = {What is custom software development?},
    author = {IBM},
    url = {https://www.ibm.com/topics/custom-software-development},
    year = {2019},
    note = {Accessed  16/12-2019}
}

@article{ImportanceOfAM,
    title = {What is Asset Management?},
    author = {Corporate Finance Institute},
    url = {https://corporatefinanceinstitute.com/resources/knowledge/finance/asset-management/},
    year = {2019},
    note = {Accessed  16/12-2019}
}

@book{UsabilityEngineering,
    booktitle = {Usability engineering},
    isbn = {9780080520292},
    publisher = {Academic Press},
    title = {Usability engineering},
    year = {1993},
    author = {Jakob Nielsen}
}

@article{DoNotIgnoreSAM,
    title = {Why You Can’t Afford to Ignore Software Asset Management},
    author = {Dave Dawson},
    url = {https://www.informationweek.com/strategic-cio/it-strategy/why-you-cant-afford-to-ignore-software-asset-management/a/d-id/1334598},
    year = {2019},
    note = {Accessed  16/12-2019}
}

@article{SDLC,
    title = {SDLC Models Explained: Agile, Waterfall, V-Shaped, Iterative, Spiral},
    author = {Victor Osetskyi},
    url = {https://medium.com/existek/sdlc-models-explained-agile-waterfall-v-shaped-iterative-spiral-e3f012f390c5},
    year = {2017},
    note = {Accessed  17/12-2019}
}

@article{WaterfallVsAgile,
    title = {Agile vs Waterfall: Pros and Cons, Differences and Similarities},
    author = {Pavel Kukhnavets},
    url = {https://blog.ganttpro.com/en/waterfall-vs-agile-with-advantages-and-disadvantages/},
    year = {2016},
    note = {Accessed  17/12-2019}
}
